<?xml version="1.0"?>
<marc:records xmlns:marc="http://www.loc.gov/MARC21/slim" xmlns:xsi="http://www.w3.org/2001/XMLSchema-instance" xsi:schemaLocation="http://www.loc.gov/MARC21/slim http://www.loc.gov/standards/marcxml/schema/MARC21slim.xsd">
  <marc:record>
    <marc:leader>03029ctm a2200433Ia 4500</marc:leader>
    <marc:controlfield tag="001">9977250637203681</marc:controlfield>
    <marc:controlfield tag="005">20180326015129.0</marc:controlfield>
    <marc:controlfield tag="008">180228s1920    mr a          000 0 arc d</marc:controlfield>
    <marc:datafield ind1=" " ind2=" " tag="035">
  <marc:subfield code="a">(OCoLC)1026388974</marc:subfield>
</marc:datafield>
    <marc:datafield ind1=" " ind2=" " tag="035">
  <marc:subfield code="a">(OCoLC)on1026388974</marc:subfield>
</marc:datafield>
    <marc:datafield ind1=" " ind2=" " tag="040">
  <marc:subfield code="a">PAU</marc:subfield>
  <marc:subfield code="b">eng</marc:subfield>
  <marc:subfield code="c">PAU</marc:subfield>
  <marc:subfield code="e">dacs</marc:subfield>
  <marc:subfield code="d">PAU</marc:subfield>
</marc:datafield>
    <marc:datafield ind1="0" ind2=" " tag="041">
  <marc:subfield code="a">arc</marc:subfield>
  <marc:subfield code="a">heb</marc:subfield>
</marc:datafield>
    <marc:datafield ind1=" " ind2=" " tag="043">
  <marc:subfield code="a">f-mr---</marc:subfield>
</marc:datafield>
    <marc:datafield ind1=" " ind2=" " tag="049">
  <marc:subfield code="a">PAUU</marc:subfield>
</marc:datafield>
    <marc:datafield ind1=" " ind2="9" tag="099">
  <marc:subfield code="a">CAJS Rar Ms 468</marc:subfield>
</marc:datafield>
    <marc:datafield ind1="0" ind2="0" tag="245">
  <marc:subfield code="a">Marriage contract,</marc:subfield>
  <marc:subfield code="f">5680 (1920).</marc:subfield>
</marc:datafield>
    <marc:datafield ind1="3" ind2=" " tag="246">
  <marc:subfield code="6">880-01</marc:subfield>
  <marc:subfield code="a">Ketubah : T&#x323;it&#x323;u&#x2BC;an</marc:subfield>
</marc:datafield>
    <marc:datafield ind1=" " ind2=" " tag="300">
  <marc:subfield code="a">1 leaf :</marc:subfield>
  <marc:subfield code="b">paper, illustrations ;</marc:subfield>
  <marc:subfield code="c">58 X 45.4 cm</marc:subfield>
</marc:datafield>
    <marc:datafield ind1=" " ind2=" " tag="500">
  <marc:subfield code="6">880-02</marc:subfield>
  <marc:subfield code="a">The wedding took place on the Third day [Tues.] of the week, 12th day of the month of Adar, in the year 5680 [2 March 1920] in the city of T&#x323;it&#x323;u&#x2BC;an. The groom is Barukh ben ... k.m. ha-R. Dav&#x323;id zal ben ... k. mo. ha-R. Yehudah z.l.h.h. ha-mekhuneh Dabda. The bride is Lunah ... bat ... R. H&#x323;aviv ha-Lev&#x323;i n. &#x2BB;E. bar ... R. Amram ha-Lev&#x323;i n. &#x2BB;E. Witnesses: Ya&#x2BB;ak&#x323;ov Khalfon, V&#x323;idal Yis&#x301;ra&#x2BC;el.</marc:subfield>
</marc:datafield>
    <marc:datafield ind1=" " ind2=" " tag="520">
  <marc:subfield code="a">Printed ketubah form in red and black with manuscript standard ketubah text in black ink in Aramaic in Sephardic semi-cursive script. Decorative border and columns, wood-block engravings of various holy sites. Numerous verses from Scripture in block Hebrew print surrounding the ketubah text. Wedding took place on 12 Adar 5680 (2 March 1920), in Tetouan, Morocco. Groom signed at bottom with two additional signatures. Form printed Yerushalaim ba-defus ha-gadol Lev&#x323;i v&#x323;e-shutafav&#x323;.</marc:subfield>
</marc:datafield>
    <marc:datafield ind1=" " ind2=" " tag="546">
  <marc:subfield code="a">Aramaic and Hebrew</marc:subfield>
  <marc:subfield code="b">(Sephardic semi-cursive)</marc:subfield>
</marc:datafield>
    <marc:datafield ind1="1" ind2=" " tag="561">
  <marc:subfield code="a">Sold at auction at Sotheby's, from the estate of Shlomo Moussaieff, 20 Dec. 2017, lot 112.</marc:subfield>
</marc:datafield>
    <marc:datafield ind1="1" ind2="0" tag="600">
  <marc:subfield code="a">Dabda, Barukh</marc:subfield>
  <marc:subfield code="x">Marriage.</marc:subfield>
</marc:datafield>
    <marc:datafield ind1="0" ind2="0" tag="600">
  <marc:subfield code="a">Lunah bat H&#x323;aviv ha-Lev&#x323;i</marc:subfield>
  <marc:subfield code="x">Marriage.</marc:subfield>
</marc:datafield>
    <marc:datafield ind1=" " ind2="0" tag="650">
  <marc:subfield code="a">Ketubah</marc:subfield>
  <marc:subfield code="v">Specimens.</marc:subfield>
</marc:datafield>
    <marc:datafield ind1=" " ind2="0" tag="650">
  <marc:subfield code="a">Prenuptial agreements (Jewish law)</marc:subfield>
  <marc:subfield code="v">Specimens.</marc:subfield>
</marc:datafield>
    <marc:datafield ind1=" " ind2="0" tag="650">
  <marc:subfield code="a">Marriage (Jewish law)</marc:subfield>
</marc:datafield>
    <marc:datafield ind1=" " ind2="0" tag="651">
  <marc:subfield code="a">Te&#x301;touan (Morocco)</marc:subfield>
</marc:datafield>
    <marc:datafield ind1=" " ind2="7" tag="655">
  <marc:subfield code="a">Ketubahs.</marc:subfield>
  <marc:subfield code="2">aat</marc:subfield>
</marc:datafield>
    <marc:datafield ind1=" " ind2="7" tag="655">
  <marc:subfield code="a">Marriage certificates.</marc:subfield>
  <marc:subfield code="2">aat</marc:subfield>
</marc:datafield>
    <marc:datafield ind1=" " ind2="7" tag="655">
  <marc:subfield code="a">Blank forms.</marc:subfield>
  <marc:subfield code="2">aat</marc:subfield>
</marc:datafield>
    <marc:datafield ind1=" " ind2="0" tag="655">
  <marc:subfield code="a">Manuscripts, Hebrew</marc:subfield>
  <marc:subfield code="y">20th century.</marc:subfield>
</marc:datafield>
    <marc:datafield ind1="1" ind2=" " tag="700">
  <marc:subfield code="a">Khalfon, Ya&#x2BB;ak&#x323;ov,</marc:subfield>
  <marc:subfield code="d">-1934,</marc:subfield>
  <marc:subfield code="e">witness.</marc:subfield>
</marc:datafield>
    <marc:datafield ind1="1" ind2=" " tag="700">
  <marc:subfield code="a">Yis&#x301;ra&#x2BC;el, V&#x323;idal,</marc:subfield>
  <marc:subfield code="e">witness.</marc:subfield>
</marc:datafield>
    <marc:datafield ind1="1" ind2=" " tag="700">
  <marc:subfield code="a">Moussaieff, Shlomo,</marc:subfield>
  <marc:subfield code="e">former owner.</marc:subfield>
</marc:datafield>
    <marc:datafield ind1=" " ind2=" " tag="852">
  <marc:subfield code="b">Library at the Herbert D. Katz Center for Advanced Judaic Studies</marc:subfield>
  <marc:subfield code="a">University of Pennsylvania</marc:subfield>
  <marc:subfield code="e">420 Walnut Street, Philadelphia, Pennsylvania 19106-3703.</marc:subfield>
  <marc:subfield code="j">CAJS Rar Ms 468</marc:subfield>
</marc:datafield>
    <marc:datafield ind1="3" ind2=" " tag="880">
  <marc:subfield code="6">246-01/r</marc:subfield>
  <marc:subfield code="a">&#x5DB;&#x5EA;&#x5D5;&#x5D1;&#x5D4; : &#x5D8;&#x5D9;&#x5D8;&#x5D5;&#x5D0;&#x5DF;</marc:subfield>
</marc:datafield>
    <marc:datafield ind1=" " ind2=" " tag="880">
  <marc:subfield code="6">500-02/r</marc:subfield>
  <marc:subfield code="a">"&#x5D1;&#x5E9;&#x5DC;&#x5D9;&#x5E9;&#x5D9; &#x5D1;&#x5E9;&#x5D1;&#x5EA; &#x5E9;&#x5E0;&#x5D9;&#x5DD; &#x5E2;&#x5E9;&#x5E8; &#x5D9;&#x5D5;&#x5DD; &#x5DC;&#x5D7;&#x5D3;&#x5E9; &#x5D0;&#x5D3;&#x5E8; &#x5E9;&#x5E0;&#x5EA; 5680 &#x5DC;&#x5D1;&#x5E8;&#x5D9;&#x5D0;&#x5EA; &#x5E2;&#x5D5;&#x5DC;&#x5DD; &#x5DC;&#x5DE;&#x5E0;&#x5D9;&#x5DF; &#x5E9;&#x5D0;&#x5E0;&#x5D5; &#x5DE;&#x5E0;&#x5D9;&#x5DF; &#x5D1;&#x5D5; &#x5DB;&#x5D0;&#x5DF; &#x5D1;&#x5DE;&#x5EA;&#x5D0; &#x5D8;&#x5D9;&#x5D8;&#x5D5;&#x5D0;&#x5DF; &#x5D9;&#x5E2;"&#x5D4; &#x5D0;&#x5D9;&#x5DA; ... &#x5DB;&#x5D4;"&#x5E8; &#x5D1;&#x5E8;&#x5D5;&#x5DA; &#x5D3;&#x5D9;&#x5D0; &#x5D4;&#x5D7;&#x5EA;&#x5DF; &#x5E1;"&#x5D8; &#x5D1;&#x5DF; ... &#x5DB;&#x5DE;&#x5D4;"&#x5E8; &#x5D3;&#x5D5;&#x5D3; &#x5D6;"&#x5DC; &#x5D1;&#x5DF; ... &#x5DB;&#x5DE;&#x5D5;&#x5D4;"&#x5E8; &#x5D9;&#x5D4;&#x5D5;&#x5D3;&#x5D4; &#x5D6;&#x5DC;&#x5D4;"&#x5D4; &#x5D4;&#x5DE;&#x5DB;&#x5D5;&#x5E0;&#x5D4; &#x5D3;&#x5D0;&#x5D1;&#x5D3;&#x5D0; &#x5D0;&#x5DE;&#x5E8; &#x5DC;&#x5D4; ... &#x5DC;&#x5D5;&#x5E0;&#x5D4; &#x5D3;&#x5D0; &#x5DB;&#x5DC;&#x5EA;&#x5D0;  &#x5D1;&#x5EA;&#x5D5;&#x5DC;&#x5EA;&#x5D0; &#x5D1;&#x5EA; ... &#x5E8;' &#x5D7;&#x5D1;&#x5D9;&#x5D1; &#x5D4;&#x5DC;&#x5D5;&#x5D9; &#x5E0;"&#x5E2; &#x5D1;&#x5E8; ... &#x5E8;' &#x5E2;&#x5DE;&#x5E8;&#x5DD; &#x5D4;&#x5DC;&#x5D5;&#x5D9; &#x5E0;"&#x5E2; &#x5D4;&#x5D5;&#x5D9; &#x5DC;&#x5D9; &#x5DC;&#x5D0;&#x5E0;&#x5EA;&#x5D5; &#x5DB;&#x5D3;&#x5EA; &#x5DE;&#x5E9;&#x5D4; &#x5D5;&#x5D9;&#x5E9;&#x5E8;&#x5D0;&#x5DC; ... &#x5E2;"&#x5D4; &#x5D9;&#x5E2;&#x5E7;&#x5D1; &#x5DB;&#x5DC;&#x5E4;&#x5D5;&#x5DF; &#x5D9;&#x5E6;"&#x5D5;; &#x5E2;"&#x5D4; &#x5D5;&#x5D9;&#x5D3;&#x5D0;&#x5DC; &#x5D9;&#x5E9;&#x5E8;&#x5D0;&#x5DC;, &#x5E1;"&#x5D8;."</marc:subfield>
</marc:datafield>
    <marc:holdings>
      <marc:holding>
        <marc:holding_id>22533787690003681</marc:holding_id>
        <marc:call_number>CAJS Rar Ms 468</marc:call_number>
        <marc:library>KatzLib</marc:library>
        <marc:location>cjsrarms</marc:location>
      </marc:holding>
    </marc:holdings>
  </marc:record>
</marc:records>
